<record><leader>00000cas a22000007a 4500</leader><controlfield tag="001">16619419</controlfield><controlfield tag="008">870831d19271927ohudr ne      0    0eng d</controlfield><datafield ind1=" " ind2=" " tag="010"><subfield code="a">sn 87076583 </subfield></datafield><datafield ind1=" " ind2=" " tag="040"><subfield code="a">ONP</subfield><subfield code="b">eng</subfield><subfield code="c">ONP</subfield><subfield code="d">OCLCQ</subfield></datafield><datafield ind1=" " ind2=" " tag="042"><subfield code="a">msc</subfield></datafield><datafield ind1="0" ind2=" " tag="130"><subfield code="a">Lima star (Lima, Ohio : 1927)</subfield></datafield><datafield ind1="1" ind2="4" tag="245"><subfield code="a">The Lima star.</subfield></datafield><datafield ind1=" " ind2=" " tag="260"><subfield code="a">Lima, Ohio :</subfield><subfield code="b">Star Pub.,</subfield><subfield code="c">1927.</subfield></datafield><datafield ind1=" " ind2=" " tag="310"><subfield code="a">Daily</subfield></datafield><datafield ind1="0" ind2=" " tag="362"><subfield code="a">Vol. 12, no. 87 (Jan. 1, 1927)-v. 12, no. 331 (Aug. 31, 1927).</subfield></datafield><datafield ind1=" " ind2=" " tag="752"><subfield code="a">United States</subfield><subfield code="b">Ohio</subfield><subfield code="c">Allen</subfield><subfield code="d">Lima.</subfield></datafield><datafield ind1="0" ind2="0" tag="780"><subfield code="a">Lima morning star and Republican-gazette (Lima, Ohio : 1926)</subfield><subfield code="w">(DLC)sn 87076582</subfield></datafield><datafield ind1="0" ind2="0" tag="785"><subfield code="a">Lima star and Republican-gazette</subfield><subfield code="w">(DLC)sn 87076584</subfield></datafield></record>